
@Article{	  abbas2005,
  author	= {Abbas, Ali and Saddik, Abdulmotaleb El and Miri, Ali},
  journal	= {Computer Science and Engineering},
  number	= {1},
  pages		= {27--36},
  title		= {A State of the Art Security Taxonomy of {Internet}
		  Security: Threats and Countermeasures},
  url		= {http://citeseerx.ist.psu.edu/viewdoc/summary?doi=10.1.1.134.5186}
		  ,
  volume	= {1},
  year		= {2005}
}

@Article{	  abelson2015,
  author	= {Abelson, Harold and Anderson, Ross and Bellovin, Steven M.
		  and Benaloh, Josh and Blaze, Matt and Diffie, Whitfield and
		  Gilmore, John and Green, Matthew and Landau, Susan and
		  Neumann, Peter G. and Rivest, Ronald L. and Schiller,
		  Jeffrey I. and Schneier, Bruce and Specter, Michael A. and
		  Weitzner, Daniel J},
  doi		= {10.1093/cybsec/tyv009},
  issn		= {2057-2085},
  journal	= {Journal of Cybersecurity},
  month		= {November},
  pages		= {69--79},
  title		= {Keys Under Doormats: Mandating Insecurity by Requiring
		  Government Access to All Data and Communications},
  url		= {http://cybersecurity.oxfordjournals.org/lookup/doi/10.1093/cybsec/tyv009}
		  ,
  year		= {2015}
}

@Article{	  acquisti2013,
  archiveprefix	= {arXiv},
  arxivid	= {arXiv:1011.1669v3},
  author	= {Acquisti, Alessandro and John, Leslie K and Loewenstein,
		  George},
  doi		= {10.1086/671754},
  eprint	= {arXiv:1011.1669v3},
  isbn		= {0047-2530},
  journal	= {The Journal of Legal Studies},
  month		= {June},
  number	= {2},
  pages		= {249--274},
  pmid		= {25246403},
  title		= {What Is Privacy Worth?},
  url		= {http://www.journals.uchicago.edu/doi/10.1086/671754},
  volume	= {42},
  year		= {2013}
}

@Misc{		  amazon-ec2,
  author	= {{Amazon.com, Inc}},
  title		= {{Elastic Cloud Compute}},
  howpublished	= {\url{http://aws.amazon.com/ec2}}
}

@Misc{		  amazon-s3,
  author	= {{Amazon.com, Inc}},
  title		= {{Simple Storage Service}},
  howpublished	= {\url{http://aws.amazon.com/s3}}
}

@Misc{		  amazon-transparency,
  author	= {{Amazon.com, Inc}},
  title		= {{Amazon} Information Request Report},
  howpublished	= {\url{https://aws.amazon.com/compliance/amazon-information-requests/}}
		  
}

@InProceedings{	  anderson2001,
  author	= {Anderson, Ross},
  booktitle	= {Seventeenth Annual Computer Security Applications
		  Conference},
  doi		= {10.1109/ACSAC.2001.991552},
  isbn		= {0-7695-1405-7},
  pages		= {358--365},
  publisher	= {IEEE Computer Society},
  title		= {Why information security is hard - an economic
		  perspective},
  url		= {http://ieeexplore.ieee.org/lpdocs/epic03/wrapper.htm?arnumber=991552}
		  ,
  year		= {2001}
}

@Book{		  anderson2013,
  title		= {The Internet Police},
  author	= {Anderson, Nate},
  year		= {2013},
  publisher	= {Norton \& Company},
  isbn		= {978-0-393-06298-4}
}

@Misc{		  apache,
  author	= {{Apache Software Foundation}},
  title		= {{Apache} {HTTP} Server Project},
  howpublished	= {\url{https://httpd.apache.org/}}
}

@Misc{		  apple-fbiletter,
  author	= {Cook, Tim and {Apple, Inc}},
  title		= {A Message to Our Customers},
  month		= {February},
  year		= {2016},
  howpublished	= {\url{https://www.apple.com/customer-letter/}}
}

@Misc{		  apple-icloud,
  author	= {{Apple, Inc}},
  title		= {{iCloud}},
  howpublished	= {\url{https://www.apple.com/icloud}}
}

@Misc{		  apple-icloudleak,
  author	= {{Apple, Inc}},
  title		= {Update to Celebrity Photo Investigation},
  month		= {September},
  year		= {2014},
  howpublished	= {\url{https://www.marketwatch.com/story/apple-media-advisory-2014-09-02}}
		  
}

@Article{	  ars-android-encrypt,
  author	= {Amadeo, Ron},
  journal	= {Ars Technica},
  title		= {{Android L} will have device encryption on by default},
  url		= {http://arstechnica.com/gadgets/2014/09/android-l-will-have-device-encryption-on-by-default/}
		  ,
  year		= {2014},
  month		= {September}
}

@Article{	  ars-cookvfbi,
  author	= {Anthony, Sebastion},
  journal	= {Ars Technica},
  title		= {{Tim Cook} says {Apple} will fight {US} gov't over
		  court-ordered {iPhone} backdoor},
  url		= {http://arstechnica.com/gadgets/2016/02/tim-cook-says-apple-will-fight-us-govt-over-court-ordered-iphone-backdoor/}
		  ,
  year		= {2016},
  month		= {February}
}

@Article{	  ars-fbi-breakthrough,
  author	= {Farivar, Cyrus},
  journal	= {Ars Technica},
  title		= {Feds break through seized {iPhone}, stnad down in legal
		  battle with {Apple}},
  url		= {http://arstechnica.com/tech-policy/2016/03/feds-break-through-seized-iphone-stand-down-in-legal-battle-with-apple/}
		  ,
  year		= {2016},
  month		= {March}
}

@Article{	  ars-fbi-greyhats,
  author	= {Kravets, David},
  journal	= {Ars Technica},
  title		= {{FBI} paid ``grey hats'' for zero-day exploit that
		  unlocked seized {iPhone}},
  url		= {http://arstechnica.com/tech-policy/2016/04/fbi-paid-gray-hats-for-zero-day-exploit-that-unlocked-seized-iphone/}
		  ,
  year		= {2016},
  month		= {April}
}

@Article{	  ars-ios-encrypt,
  author	= {Farivar, Cyrus},
  journal	= {Ars Technica},
  title		= {{Apple} expands data encryption under {iOS} 8, making
		  handover to cops moot},
  url		= {http://arstechnica.com/apple/2014/09/apple-expands-data-encryption-under-ios-8-making-handover-to-cops-moot/}
		  ,
  year		= {2014},
  month		= {September}
}

@Article{	  ars-opmhack,
  author	= {Gallagher, Sean},
  journal	= {Ars Technica},
  title		= {{EPIC} fail: {H}ow {OPM} hackers tapped the mother lode of
		  espionage data},
  url		= {http://arstechnica.com/security/2015/06/epic-fail-how-opm-hackers-tapped-the-mother-lode-of-espionage-data/}
		  ,
  year		= {2015},
  month		= {July}
}

@Article{	  balloun2012,
  author	= {Balloun, O. Shane},
  journal	= {University of San Francisco Maritime Law Journal},
  number	= {409},
  title		= {The True Obstacle to the Autonomy of Seasteads: {American}
		  Law Enforcement Jurisdiction over Homesteads on the High
		  Seas},
  url		= {http://ssrn.com/abstract=2514693},
  volume	= {24},
  year		= {2012}
}

@Article{	  bhargava2011,
  author	= {Bhargava, Bharat and Singh, Noopur and Sinclair, Asher D},
  journal	= {SPIE Defense, Security and Sensing 2011 Conference},
  number	= {0704},
  pages		= {7},
  title		= {Privacy in Cloud Computing Through Identity Management},
  url		= {http://www.dtic.mil/cgi-bin/GetTRDoc?AD=ADA552741\&Location=U2\&doc=GetTRDoc.pdf}
		  ,
  volume	= {298},
  year		= {2011}
}

@Unpublished{	  blackhat-lastpass,
  title		= {Even the {LastPass} will be Stolen: Deal with it!},
  author	= {Garcia, Alberto and Vigo, Martin},
  year		= {2015},
  note		= {Blackhat Europe},
  url		= {https://www.blackhat.com/eu-15/briefings.html#even-the-lastpass-will-be-stolen-deal-with-it}
		  
}

@InProceedings{	  borisov2004,
  author	= {Borisov, Nikita and Goldberg, Ian and Brewer, Eric},
  booktitle	= {Workshop on Privacy in the Electronic Society},
  isbn		= {1581139683},
  title		= {{Off-the-Record} Communication, or, Why Not To Use {PGP}},
  year		= {2004}
}

@Article{	  brenner2011,
  author	= {Brenner, Michael and Wiebelitz, Jan and {Von Voigt},
		  Gabriele and Smith, Matthew},
  doi		= {10.1109/DEST.2011.5936608},
  isbn		= {9781457708725},
  issn		= {21504938},
  journal	= {IEEE International Conference on Digital Ecosystems and
		  Technologies},
  number	= {June},
  pages		= {114--119},
  title		= {Secret program execution in the cloud applying homomorphic
		  encryption},
  volume	= {5},
  year		= {2011}
}

@Article{	  brodkin-passman,
  author	= {Brodkin, Jon},
  journal	= {Ars Technica},
  title		= {The secret to online safety: Lies, random characters, and
		  a password manager},
  url		= {http://arstechnica.com/information-technology/2013/06/the-secret-to-online-safety-lies-random-characters-and-a-password-manager}
		  ,
  year		= {2013},
  month		= {June}
}

@Misc{		  burrfeinstein,
  author	= {{U.S. Senate: 114th Congress}},
  title		= {{Compliance with Court Orders Act of 2016}},
  howpublished	= {\url{http://www.feinstein.senate.gov/public/index.cfm/press-releases?ID=EA927EA1-E098-4E62-8E61-DF55CBAC1649}}
		  ,
  year		= {2016},
  month		= {April}
}

@Misc{		  calea-fcc,
  author	= {{U.S. Federal Communication Commission}},
  title		= {Communications Assistance for Law Enforcement Act},
  howpublished	= {\url{https://www.fcc.gov/public-safety-and-homeland-security/policy-and-licensing-division/general/communications-assistance}}
		  
}

@Misc{		  calea-usc,
  author	= {{United States}},
  title		= {{47 U.S. Code Subchapter I} - Interception of Digital and
		  Other Communications},
  howpublished	= {\url{https://www.law.cornell.edu/uscode/text/47/chapter-9/subchapter-I}}
		  
}

@Article{	  calero2010,
  author	= {Calero, Jose M. Alcaraz and Edwards, Nigel and Kirschnick,
		  Johannes and Wilcock, Lawrence and Wray, Mike},
  doi		= {10.1109/MSP.2010.194},
  issn		= {1540-7993},
  journal	= {IEEE Security \& Privacy Magazine},
  month		= {November},
  number	= {6},
  pages		= {48--55},
  title		= {Toward a Multi-Tenancy Authorization System for Cloud
		  Services},
  url		= {http://ieeexplore.ieee.org/lpdocs/epic03/wrapper.htm?arnumber=5655242}
		  ,
  volume	= {8},
  year		= {2010}
}

@TechReport{	  callas2007,
  author	= {Callas, J. and Donnerhacke, L. and Finney, H. and Shaw, D.
		  and Thayer, R.},
  institution	= {Internet Engineering Task Force},
  pages		= {1--91},
  title		= {{RFC} 1880: {OpenPGP} Message Format},
  url		= {http://tools.ietf.org/html/rfc1880},
  year		= {2007}
}

@InCollection{	  camp2003,
  address	= {Berlin},
  author	= {Camp, L. Jean},
  booktitle	= {Trust, Reputation, and Security},
  doi		= {10.1007/3-540-36609-1},
  isbn		= {978-3-540-00988-7},
  issn		= {16130073},
  publisher	= {Rino Falcone, Springer-Verlang},
  title		= {Designing for Trust},
  year		= {2003}
}

@TechReport{	  cebula2010,
  author	= {Cebula, James L. and Young, Lisa R.},
  month		= {December},
  title		= {A taxonomy of operational cyber security risks},
  url		= {http://oai.dtic.mil/oai/oai?verb=getRecord\&metadataPrefix=html\&identifier=ADA537111}
		  ,
  year		= {2010}
}

@Article{	  changedmy-lastpass,
  author	= {Pearson, James},
  journal	= {changedmy.name},
  title		= {Discovering Secrets},
  url		= {https://changedmy.name/2013/10/26/discovering-secrets.html}
		  ,
  month		= {October},
  year		= {2013}
}

@Misc{		  chatsecure,
  author	= {Ballinger, Chris},
  title		= {{ChatSecure}: Encrypted Messenger for {iOS} and
		  {Android}},
  howpublished	= {\url{http://chatsecure.org}}
}

@TechReport{	  ciab2015,
  author	= {{Council of Insurance Agents and Brokers}},
  title		= {{Cyber Market Watch Survey}},
  url		= {https://www.ciab.com/WorkArea/DownloadAsset.aspx?id=5326},
  year		= {2015},
  month		= {April}
}

@Misc{		  cloudkeep,
  author	= {{Rackspace}},
  title		= {{Cloud Keep}},
  howpublished	= {\url{https://github.com/cloudkeep}}
}

@Misc{		  comey-testimony-encryption,
  author	= {Comey, James B.},
  title		= {Statement Before the {House Judiciary Committee}},
  howpublished	= {\url{https://www.fbi.gov/news/testimony/encryption-tightrope-balancing-americans-security-and-privacy}}
		  ,
  year		= {2016},
  month		= {March}
}

@Misc{		  commonwealthvgelfgatt,
  author	= {{Commonwealth of Massachusetts Supreme Judicial Court}},
  title		= {{Commonwealth vs. Leon I. Gelfgatt}},
  year		= {2014},
  month		= {June},
  howpublished	= {\url{https://www.documentcloud.org/documents/1209519-commonwealth-vs-gelfgatt.html}}
		  
}

@Misc{		  confidant,
  author	= {{Lyft}},
  title		= {{Confidant}: Your Secret Keeper},
  howpublished	= {\url{https://lyft.github.io/confidant/}}
}

@Misc{		  cumulus4j,
  author	= {{NightLabs Consulting GmbH}},
  title		= {{Cumulus4j}},
  howpublished	= {\url{http://www.cumulus4j.org}}
}

@InProceedings{	  custos-trios,
  author	= {Sayler, Andy and Grunwald, Dirk},
  title		= {{Custos}: Increasing Security with Secret Storage as a
		  Service},
  booktitle	= {2014 Conference on Timely Results in Operating Systems
		  (TRIOS 14)},
  year		= {2014},
  month		= {October},
  address	= {Broomfield, CO},
  url		= {https://www.usenix.org/conference/trios14/technical-sessions/presentation/sayler}
		  ,
  publisher	= {{USENIX} Association}
}

@InProceedings{	  tutamen-socc,
  author	= {Sayler, Andy and Andrews, Taylor and Monaco, Matt and Grunwald, Dirk},
  title		= {{Tutamen}: A Second-Generation Secret Storage as a Service Platform},
  booktitle	= {2016 ACM Symposium on Cloud Computing (SoCC 16)},
  year		= {2016},
  month		= {October},
  address	= {Santa Clara, CA},
  publisher	= {Association of Computing Machinery},
  notes     = {In press}
}

@InProceedings{	  decarnedecarnavalet2014,
  address	= {New York, New York, USA},
  author	= {{de Carn{\'{e}} de Carnavalet}, Xavier and Mannan,
		  Mohammad},
  booktitle	= {Proceedings of the 30th Annual Computer Security
		  Applications Conference},
  doi		= {10.1145/2664243.2664288},
  isbn		= {9781450330053},
  pages		= {16--25},
  publisher	= {ACM Press},
  title		= {Challenges and implications of verifiable builds for
		  security-critical open-source software},
  url		= {http://dl.acm.org/citation.cfm?doid=2664243.2664288},
  year		= {2014}
}

@Article{	  denning1996,
  author	= {Denning, Dorothy E. and Branstad, Dennis K.},
  doi		= {10.1145/227234.227239},
  issn		= {00010782},
  journal	= {Communications of the ACM},
  month		= {March},
  number	= {3},
  pages		= {34--40},
  title		= {A taxonomy for key escrow encryption systems},
  url		= {https://portal.acm.org/citation.cfm?doid=227234.227239},
  volume	= {39},
  year		= {1996}
}

@Article{	  dergacheva2015,
  author	= {Dergacheva, Anastasia and Andreeva, Ksenia},
  journal	= {Inside Counsel},
  month		= {September},
  year		= {2015},
  title		= {{Russia}: The impact of new {Internet} regulations on
		  international companies},
  url		= {http://www.insidecounsel.com/2015/09/25/russia-the-impact-of-new-internet-regulations-on-i}
		  
}

@TechReport{	  dierks2008,
  author	= {Dierks, T. and Rescorla, E.},
  institution	= {Internet Engineering Task Force},
  pages		= {1--105},
  title		= {{RFC} 5246: The Transport Layer Security ({TLS}) Protocol
		  - Version 1.2},
  url		= {http://tools.ietf.org/html/rfc5246},
  year		= {2008}
}

@Article{	  diffie1976,
  author	= {Diffie, Whitfield and Hellman, Martin E.},
  journal	= {IEEE Transactions on Information Theory},
  number	= {6},
  pages		= {29--40},
  title		= {New directions in cryptography},
  url		= {http://ieeexplore.ieee.org/xpls/abs\_all.jsp?arnumber=1055638}
		  ,
  volume	= {22},
  year		= {1976}
}

@InProceedings{	  dingledine2004,
  author	= {Dingledine, Roger and Mathewson, Nick and Syverson, Paul},
  booktitle	= {Proceedings of the 13th USENIX Security Symposium},
  title		= {{T}or: {T}he Second-Generation Onion Router},
  url		= {http://oai.dtic.mil/oai/oai?verb=getRecord{\&}metadataPrefix=html{\&}identifier=ADA465464}
		  ,
  year		= {2004}
}

@Misc{		  dropbox,
  author	= {{Dropbox, Inc.}},
  title		= {{Dropbox}},
  howpublished	= {\url{http://www.dropbox.com}}
}

@Misc{		  dropbox-authbug,
  author	= {{Dropbox, Inc.}},
  title		= {Yesterday's Authentication Bug},
  howpublished	= {\url{http://blog.dropbox.com/2011/06/yesterdays-authentication-bug/}}
		  
}

@Misc{		  dropbox-passwords,
  author	= {{Dropbox, Inc.}},
  title		= {{Dropbox} wasn't hacked},
  howpublished	= {\url{http://blog.dropbox.com/2014/10/dropbox-wasnt-hacked/}}
		  
}

@Misc{		  dropbox-security,
  author	= {{Dropbox, Inc.}},
  title		= {{Dropbox} Security},
  howpublished	= {\url{http://www.dropbox.com/security}}
}

@Misc{		  dropbox-transparency,
  author	= {{Dropbox Inc.}},
  title		= {{Dropbox} Transparency Report},
  howpublished	= {\url{http://www.dropbox.com/transparency}}
}

@Article{	  ducklin2015,
  author	= {Ducklin, Paul},
  journal	= {Naked Security},
  organization	= {Sophos},
  title		= {Bad news! {LastPass} breached. Good news! You should be
		  {OK}...},
  url		= {https://nakedsecurity.sophos.com/2015/06/16/bad-news-lastpass-breached-good-news-you-should-be-ok/}
		  ,
  year		= {2015},
  month		= {June}
}

@TechReport{	  dworkin2005,
  author	= {Dworkin, Morris},
  title		= {Recommendation for Block Cipher Modes of Operation: The
		  {CMAC} Mode of Authentication},
  institution	= {National Institute of Standards \& Technology},
  url		= {http://csrc.nist.gov/publications/nistpubs/800-38B/SP_800-38B.pdf}
		  ,
  year		= {2005},
  number	= {800-38B}
}

@TechReport{	  dworkin2007,
  author	= {Dworkin, Morris},
  title		= {Recommendation for Block Cipher Modes of Operation: The
		  {CCM} Mode for Authentication and Confidentiality},
  institution	= {National Institute of Standards \& Technology},
  url		= {http://csrc.nist.gov/publications/nistpubs/800-38C/SP800-38C_updated-July20_2007.pdf}
		  ,
  year		= {2007},
  number	= {800-38C}
}

@TechReport{	  dworkin2008,
  author	= {Dworkin, Morris},
  title		= {Recommendation for Block Cipher Modes of Operation:
		  {Galois}/Counter Mode ({GCM}) and {GMAC}},
  institution	= {National Institute of Standards \& Technology},
  url		= {http://csrc.nist.gov/publications/nistpubs/800-38D/SP-800-38D.pdf}
		  ,
  year		= {2007},
  number	= {800-38D}
}

@Misc{		  ecpa,
  author	= {{U.S. Department of Justice, Office of Justice Programs,
		  Bureau of Justice Assistance}},
  title		= {{Electronic Communications Privacy Act of 1986 (ECPA), 18
		  U.S.C. Section 2510-22}},
  howpublished	= {\url{https://it.ojp.gov/privacyliberty/authorities/statutes/1285}}
		  
}

@Misc{		  ecryptfs,
  author	= {Halcrow, Michael Austin},
  title		= {{eCryptfs}},
  howpublished	= {\url{http://ecryptfs.org}}
}

@Misc{		  eff-applecrypto,
  author	= {Bonneau, Joseph},
  institution	= {Electronic Frontier Foundation},
  title		= {A Technical Perspective on the {Apple} {iPhone} Case},
  month		= {February},
  year		= {2016},
  howpublished	= {\url{https://www.eff.org/deeplinks/2016/02/technical-perspective-apple-iphone-case}}
		  
}

@TechReport{	  eff-canary,
  author	= {Opsahl, Kurt},
  institution	= {Electronic Frontier Foundation},
  year		= {2014},
  month		= {April},
  title		= {Warrant Canary Frequently Asked Questions},
  url		= {https://www.eff.org/deeplinks/2014/04/warrant-canary-faq}
}

@Misc{		  eff-ecpareform,
  author	= {Cope, Sophia},
  institution	= {Electronic Frontier Foundation},
  title		= {{Senate Judiciary Committee} Finally Focuses on {ECPA}
		  Reform},
  month		= {September},
  year		= {2015},
  howpublished	= {\url{https://www.eff.org/deeplinks/2015/09/senate-judiciary-committee-finally-focuses-ecpa-reform}}
		  
}

@Misc{		  enigmail,
  author	= {{Enigmail Project}},
  title		= {{Enigmail}},
  howpublished	= {\url{http://www.enigmail.net}}
}

@Article{	  evans2009,
  author	= {Evans, David S.},
  journal	= {Journal of Economic Perspectives},
  title		= {The Online Advertising Industry: Economics, Evolution, and
		  Privacy},
  url		= {http://papers.ssrn.com/sol3/papers.cfm?abstract_id=1376607}
		  ,
  year		= {2009},
  month		= {April}
}

@Misc{		  facebook,
  author	= {{Facebook, Inc}},
  title		= {{Facebook}},
  howpublished	= {\url{http://www.facebook.com}}
}

@Misc{		  facebook-transparency,
  author	= {{Facebook, Inc.}},
  title		= {{United States} Law Enforcement Requests for Data},
  howpublished	= {\url{https://govtrequests.facebook.com/country/United\%20States/#}}
		  
}

@Misc{		  fbi-nsl,
  author	= {{Federal Bureau of Investigation}},
  title		= {{FOIA}: National Security Letters},
  howpublished	= {\url{http://vault.fbi.gov/National\%20Security\%20Letters\%20(NSL)}}
		  ,
  year		= {2007}
}

@Misc{		  fdic,
  author	= {{United States}},
  title		= {Federal Deposit Insurance Corporation},
  howpublished	= {\url{https://www.fdic.gov}}
}

@Misc{		  ferpa,
  author	= {{U.S. Department of Education}},
  title		= {{Family Educational Rights and Privacy Act}},
  howpublished	= {\url{https://www2.ed.gov/policy/gen/guid/fpco/ferpa/index.html}}
		  
}

@PhDThesis{	  fielding2000,
  author	= {Fielding, Roy Thomas},
  school	= {University of California Irvine},
  title		= {Architectural Styles and the Design of Network-based
		  Software Architectures},
  year		= {2000}
}

@Article{	  firesmith2005,
  author	= {Firesmith, Donald G.},
  doi		= {10.1.1.66.6934},
  journal	= {International Workshop on High Assurance Systems},
  title		= {A taxonomy of security-related requirements},
  url		= {http://citeseerx.ist.psu.edu/viewdoc/download?doi=10.1.1.66.6934\&rep=rep1\&type=pdf}
		  ,
  year		= {2005}
}

@Misc{		  fisc,
  author	= {{United States}},
  title		= {Foreign Intelligence Surveillance Court},
  howpublished	= {\url{www.fisc.uscourts.gov/}}
}

@Misc{		  fitbit,
  author	= {{Fitbit}},
  title		= {About {Fitbit}},
  howpublished	= {\url{http://www.fitbit.com/about}}
}

@Misc{		  flood2013,
  author	= {Flood, Gary},
  title		= {{Gartner} Tells Outsourcers: Embrace Cloud Or Die},
  year		= {2013},
  howpublished	= {\url{http://www.informationweek.com/cloud/infrastructure-as-a-service/gartner-tells-outsourcers-embrace-cloud-or-die/d/d-id/1110991}}
		  
}

@InCollection{	  flowerday2006,
  address	= {Boston},
  author	= {Flowerday, Stephen and Solms, Rossouw Von},
  booktitle	= {Security and Privacy in Dynamic Environments},
  doi		= {10.1007/0-387-33406-8},
  editor	= {Fischer-H\"{u}bner, Simone and Rannenberg, Kai and
		  Yngstr\"{o}m, Louise and Lindskog, Stefan},
  isbn		= {0-387-33405-X},
  pages		= {87--98},
  publisher	= {Kluwer Academic Publishers},
  series	= {IFIP International Federation for Information Processing},
  title		= {Trust: {A}n Element of Information Security},
  url		= {http://link.springer.com/chapter/10.1007/0-387-33406-8\_8},
  volume	= {201},
  year		= {2006}
}

@Misc{		  foster2014,
  author	= {Foster, Ben},
  title		= {How many users on {Facebook}},
  year		= {2015},
  howpublished	= {\url{http://www.benphoster.com/facebook-user-growth-chart-2004-2010/}}
		  
}

@Article{	  frosch2014,
  author	= {Frosch, Tilman and Mainka, Christian and Bader, Christoph
		  and Bergsma, Florian and Schwenk, Jorg and Holz, Thorsten},
  journal	= {Cryptology ePrint Archive},
  number	= {February},
  pages		= {17},
  title		= {How Secure is {TextSecure}?},
  url		= {https://eprint.iacr.org/2014/904?utm{\_}source=dlvr.it{\&}utm{\_}medium=tumblr}
		  ,
  volume	= {2014/904},
  year		= {2014}
}

@Misc{		  fsf-freedoms,
  author	= {{Free Software Foundation}},
  title		= {What is free software?},
  howpublished	= {\url{https://www.gnu.org/philosophy/free-sw.en.html}},
  note		= {Version 1.141}
}

@Misc{		  ftc-asus,
  author	= {{U.S. Federal Trade Commission}},
  title		= {{ASUS} Settles {FTC} Charges That Insecure Home Routers
		  and Cloud Services Put Consumers' Privacy At Risk},
  howpublished	= {\url{https://www.ftc.gov/news-events/press-releases/2016/02/asus-settles-ftc-charges-insecure-home-routers-cloud-services-put}}
		  ,
  year		= {2016},
  month		= {February}
}

@Article{	  furnell2006,
  author	= {Furnell, Steven. M. and Jusoh, A. and Katsabas, D.},
  doi		= {10.1016/j.cose.2005.12.004},
  issn		= {01674048},
  journal	= {Computers \& Security},
  month		= {February},
  number	= {1},
  pages		= {27--35},
  title		= {The challenges of understanding and using security: {A}
		  survey of end-users},
  url		= {http://linkinghub.elsevier.com/retrieve/pii/S0167404805002038}
		  ,
  volume	= {25},
  year		= {2006}
}

@Article{	  gallagher-blame,
  author	= {Gallagher, Sean},
  journal	= {Ars Technica},
  month		= {April},
  title		= {Blame the victim: Report shows fifth of breaches caused by
		  miscellaneous errors},
  year		= {2016}
}

@Misc{		  gazzang,
  author	= {Gazzang},
  title		= {{zTrustee}},
  howpublished	= {\url{http://www.gazzang.com/products/ztrustee}}
}

@Article{	  gellman-muscular,
  author	= {Gellman, Barton and Soltani, Ashkan},
  journal	= {The Washington Post},
  title		= {{NSA} infiltrates links to {Yahoo}, {Google} data centers
		  worldwide, {Snowden} documents say},
  url		= {http://www.washingtonpost.com/world/national-security/nsa-infiltrates-links-to-yahoo-google-data-centers-worldwide-snowden-documents-say/2013/10/30/e51d661e-4166-11e3-8b74-d89d714ca4dd_story.html}
		  ,
  month		= {October},
  year		= {2013}
}

@Misc{		  github,
  author	= {{GitHub, Inc.}},
  title		= {{GitHub}: How people build software},
  howpublished	= {\url{https://github.com/}}
}

@Article{	  gmail-blog-encryption,
  author	= {Lidzborski, Nicolas},
  journal	= {Official Gmail Blog},
  title		= {Staying at the forefront of email security and
		  reliability: {HTTPS}-only and 99.978\% availability},
  url		= {https://gmail.googleblog.com/2014/03/staying-at-forefront-of-email-security.html}
		  ,
  year		= {2014},
  month		= {Mar}
}

@Article{	  gmail-blog-indicators,
  author	= {Rae-Grant, John},
  journal	= {Official Gmail Blog},
  title		= {Making email safer for you},
  url		= {https://gmail.googleblog.com/2016/02/making-email-safer-for-you-posted-by.html}
		  ,
  year		= {2016},
  month		= {February}
}

@Misc{		  gnu-bash,
  author	= {Ramey, Chet and Others},
  title		= {{GNU Bash}},
  howpublished	= {\url{http://www.gnu.org/software/bash/}}
}

@Misc{		  gnupg,
  author	= {Koch, Werner},
  title		= {{GnuPG}},
  howpublished	= {\url{http://www.gnupg.org}}
}

@Misc{		  goel2014,
  author	= {Goel, Vindu},
  title		= {{Facebook} Tinkers With Users' Emotions in News Feed
		  Experiment, Stirring Outcry},
  year		= {2014},
  month		= {June},
  note		= {New York Times},
  howpublished	= {\url{http://www.nytimes.com/2014/06/30/technology/facebook-tinkers-with-users-emotions-in-news-feed-experiment-stirring-outcry.html}}
		  
}

@InProceedings{	  goldberg2009,
  author	= {Goldberg, Ian and Gundy, Matthew D. Van and Chen, Hao and
		  Ustaoglu, Berkant},
  booktitle	= {Conference on Computer and Communications Security},
  isbn		= {9781605583525},
  title		= {Multi-party Off-the-Record Messaging},
  year		= {2009}
}

@Article{	  goodin-bible,
  author	= {Goodin, Dan},
  journal	= {Ars Technica},
  title		= {How the {Bible} and {YouTube} are fueling the next
		  frontier of password cracking},
  url		= {http://arstechnica.com/security/2013/10/how-the-bible-and-youtube-are-fueling-the-next-frontier-of-password-cracking}
		  ,
  year		= {2013}
}

@Article{	  goodin-dreadpirate,
  author	= {Goodin, Dan},
  journal	= {Ars Technica},
  title		= {{FBI}: {Silk Road} mastermind couldn’t even keep himself
		  anonymous online},
  url		= {http://arstechnica.com/security/2013/10/silk-road-mastermind-unmasked-by-rookie-goofs-complaint-alleges/}
		  ,
  year		= {2013}
}

@Article{	  goodin-passwords,
  author	= {Goodin, Dan},
  journal	= {Ars Technica},
  title		= {Why passwords have never been weaker, and crackers have
		  never been stronger},
  url		= {http://arstechnica.com/security/2012/08/passwords-under-assault}
		  ,
  year		= {2012}
}

@Misc{		  google-appengine,
  author	= {{Google, Inc.}},
  title		= {App Engine},
  howpublished	= {\url{http://cloud.google.com/appengine/docs}}
}

@Misc{		  google-compute,
  author	= {{Google, Inc.}},
  title		= {Compute Engine},
  howpublished	= {\url{http://cloud.google.com/compute/}}
}

@Misc{		  google-docs,
  author	= {{Google, Inc.}},
  title		= {Docs},
  howpublished	= {\url{http://docs.google.com}}
}

@Misc{		  google-drive,
  author	= {{Google, Inc.}},
  title		= {Drive},
  howpublished	= {\url{http://drive.google.com}}
}

@Misc{		  google-endtoend,
  author	= {{Google, Inc.}},
  title		= {End-To-End},
  howpublished	= {\url{http://github.com/google/end-to-end}}
}

@Misc{		  google-gmail,
  author	= {{Google, Inc.}},
  title		= {Gmail},
  howpublished	= {\url{https://mail.google.com}}
}

@Misc{		  google-hangouts,
  author	= {{Google, Inc.}},
  title		= {Hangouts},
  howpublished	= {\url{https://hangouts.google.com}}
}

@Misc{		  google-music,
  author	= {{Google, Inc.}},
  title		= {Google Play Music},
  howpublished	= {\url{http://music.google.com}}
}

@Misc{		  google-plus,
  author	= {{Google, Inc.}},
  title		= {Plus},
  howpublished	= {\url{https://plus.google.com/}}
}

@Misc{		  google-transparency,
  author	= {{Google Inc.}},
  title		= {Google Transparency Report},
  howpublished	= {\url{https://www.google.com/transparencyreport/userdatarequests/}}
		  
}

@Article{	  grandison2000,
  author	= {Grandison, Tyrone and Sloman, Morris},
  doi		= {10.1109/COMST.2000.5340804},
  issn		= {1553-877X},
  journal	= {IEEE Communications Surveys {\&} Tutorials},
  number	= {4},
  pages		= {2--16},
  title		= {{A Survey of Trust in Internet Applications}},
  url		= {http://ieeexplore.ieee.org/lpdocs/epic03/wrapper.htm?arnumber=5340804}
		  ,
  volume	= {3},
  year		= {2000}
}

@Article{	  green-challenge,
  author	= {Green, Matthew},
  journal	= {The New Yorker},
  title		= {The Daunting Challenge of Secure E-mail},
  url		= {http://www.newyorker.com/online/blogs/elements/2013/11/the-daunting-challenge-of-secure-e-mail.html}
		  ,
  year		= {2013}
}

@Article{	  green-pgp,
  author	= {Green, Matthew},
  journal	= {A Few Thoughts on Cryptographic Engineering},
  title		= {What's the matter with {PGP}?},
  url		= {http://blog.cryptographyengineering.com/2014/08/whats-matter-with-pgp.html}
		  ,
  year		= {2014}
}

@Article{	  greenwald-collect,
  author	= {Greenwald, Glenn},
  journal	= {The Guardian},
  title		= {The crux of the {NSA} story in one phrase: 'collect it
		  all'},
  url		= {http://www.theguardian.com/commentisfree/2013/jul/15/crux-nsa-collect-it-all}
		  ,
  year		= {2013},
  month		= {July}
}

@Article{	  greenwald-prism,
  author	= {Greenwald, Glenn and MacAskill, Ewen},
  journal	= {The Guardian},
  title		= {{NSA Prism} program taps in to user data of {Apple},
		  {Google}, and others},
  url		= {http://www.theguardian.com/world/2013/jun/06/us-tech-giants-nsa-data}
		  ,
  month		= {June},
  year		= {2013}
}

@Article{	  hall-caaudit,
  author	= {Hall, Kirk},
  journal	= {CA Security Council},
  title		= {Certificate Authority Audits and Browser Root Program
		  Requirements},
  url		= {https://casecurity.org/2013/10/15/certificate-authority-audits-and-browser-root-program-requirements/}
		  ,
  year		= {2013},
  month		= {October}
}

@Misc{		  heartbleed,
  author	= {Codenomicon},
  title		= {The {Heartbleed} Bug},
  howpublished	= {\url{http://heartbleed.com}}
}

@Article{	  hern2015,
  author	= {Hern, Alex},
  journal	= {The Guardian},
  title		= {I read all the small print on the internet and it made me
		  want to die},
  url		= {https://www.theguardian.com/technology/2015/jun/15/i-read-all-the-small-print-on-the-internet}
		  ,
  month		= {June},
  year		= {2015}
}

@Article{	  hill2012,
  author	= {Hill, Kashmir},
  title		= {How {Target} Figured Out A Teen Girl Was Pregnant Before
		  Her Father Did},
  year		= {2012},
  month		= {February},
  journal	= {Forbes},
  howpublished	= {\url{http://www.forbes.com/sites/kashmirhill/2012/02/16/how-target-figured-out-a-teen-girl-was-pregnant-before-her-father-did/}}
		  
}

@Misc{		  hippa,
  author	= {{U.S. Department of Health and Human Services}},
  title		= {Understanding Health Information Privacy},
  howpublished	= {\url{http://www.hhs.gov/ocr/privacy/hipaa/understanding/index.html}}
		  
}

@Misc{		  hr4528,
  author	= {{U.S. House of Representatives: 114th Congress}},
  title		= {{H.R. 4528: ENCRYPT Act of 2016}},
  howpublished	= {\url{https://homeland.house.gov/wp-content/uploads/2016/03/2016.03.03_HR-4651-Commission.pdf}}
		  
}

@Misc{		  hr4651,
  author	= {{U.S. House of Representatives: 114th Congress}},
  title		= {{H.R. 4651: Digital Security Commission Act of 2016 and
		  Technology Challenges}},
  howpublished	= {\url{https://homeland.house.gov/wp-content/uploads/2016/03/2016.03.03_HR-4651-Commission.pdf}}
		  
}

@Article{	  intercept-chatting,
  author	= {Lee, Micah},
  journal	= {The Intercept},
  title		= {Chatting in Secret While We're All Being Watched},
  url		= {https://theintercept.com/2015/07/14/communicating-secret-watched/}
		  ,
  year		= {2015},
  month		= {July},
  day		= {14}
}

@PhDThesis{	  johnson2012,
  author	= {Johnson, Maritza L},
  school	= {Columbia University},
  title		= {Toward Usable Access Control for End-users: A Case Study
		  of {Facebook} Privacy Settings},
  year		= {2012}
}

@Misc{		  jumpcloud,
  author	= {JumpCloud},
  title		= {{JumpCloud}: Identity Management Reimagined},
  howpublished	= {\url{http://jumpcloud.com}}
}

@TechReport{	  kamara2011,
  author	= {Kamara, Seny and Papamanthou, C and Roeder, Tom},
  institution	= {Microsoft Research},
  pages		= {1--25},
  title		= {{CS2}: A searchable cryptographic cloud storage system},
  url		= {http://research.microsoft.com/pubs/148632/cs2.pdf},
  year		= {2011}
}

@Misc{		  keepass,
  author	= {Reichl, Dominik and Others},
  title		= {KeePass Password Safe},
  howpublished	= {\url{http://http://keepass.info/}}
}

@TechReport{	  kehl2015,
  author	= {Kehl, Danielle and Wilson, Andi and Bankston, Kevin},
  institution	= {New America, Open Technology Institute},
  number	= {June},
  title		= {Doomed to Repeat History?: Lessons from the Crypto Wars of
		  the 1990s},
  url		= {https://www.newamerica.org/oti/doomed-to-repeat-history-lessons-from-the-crypto-wars-of-the-1990s/}
		  ,
  year		= {2015}
}

@Article{	  kent2015,
  author	= {Kent, Gail},
  journal	= {Stanford Law School Center for Internet and Society Blog},
  title		= {The Mutual Legal Assistance Problem Explained},
  url		= {https://cyberlaw.stanford.edu/blog/2015/02/mutual-legal-assistance-problem-explained}
		  ,
  year		= {2015},
  month		= {February}
}

@Misc{		  keybase,
  author	= {Keybase},
  title		= {{KeyBase}: Get a public key, safely, starting just with
		  someone's social media username(s)},
  howpublished	= {\url{http://keybase.io}}
}

@Misc{		  keywhiz,
  author	= {Square},
  title		= {{Keywhiz}: A system for managing and distributing
		  secrets},
  howpublished	= {\url{https://square.github.io/keywhiz/}}
}

@Article{	  kocaoglu2008,
  author	= {{Kocaoglu (Cahn Kojaolu)}, Kagan},
  doi		= {10.2139/ssrn.1103644},
  issn		= {1556-5068},
  journal	= {SSRN Electronic Journal},
  number	= {March},
  title		= {A Comparative Bibliography: Regulatory Competition on
		  Corporate Law},
  url		= {http://www.ssrn.com/abstract=1103644},
  year		= {2008}
}

@Article{	  krebs-anthem,
  author	= {Krebs, Brian},
  journal	= {Krebs on Security},
  title		= {Data Breach at Health Insurer {Anthem} Could Impact
		  Millions},
  url		= {http://krebsonsecurity.com/2015/02/data-breach-at-health-insurer-anthem-could-impact-millions/}
		  ,
  month		= {February},
  year		= {2015}
}

@Article{	  krebs-passwords,
  author	= {Krebs, Brian},
  journal	= {Krebs on Security},
  title		= {Safeguarding Your Passwords},
  url		= {http://voices.washingtonpost.com/securityfix/2008/01/safeguarding_your_passwords_1.html}
		  ,
  year		= {2008}
}

@Article{	  krebs-premera,
  author	= {Krebs, Brian},
  journal	= {Krebs on Security},
  title		= {{Premera Blue Cross} Breach Exposes Financial, Medical
		  Records},
  url		= {http://krebsonsecurity.com/2015/03/premera-blue-cross-breach-exposes-financial-medical-records/}
		  ,
  month		= {Mar},
  year		= {2015}
}

@Misc{		  lastpass,
  author	= {LastPass},
  title		= {{LastPass} Password Manager},
  howpublished	= {\url{https://lastpass.com}}
}

@Article{	  lastpass-blog-breach,
  author	= {Siegrist, Joe},
  journal	= {LastPass Blog},
  title		= {{LastPass} Security Notice},
  url		= {https://blog.lastpass.com/2015/06/lastpass-security-notice.html/}
		  ,
  month		= {June},
  year		= {2015}
}

@TechReport{	  laurie2013,
  author	= {Laurie, B. and Langley, A. and Kasper, E.},
  institution	= {Internet Engineering Task Force},
  pages		= {1--27},
  title		= {{RFC 6962}: Certificate Transparency},
  url		= {http://tools.ietf.org/html/rfc6962},
  year		= {2013}
}

@Misc{		  lavabit,
  author	= {Levison, Ladar},
  title		= {{Lavabit}},
  howpublished	= {\url{http://lavabit.com}}
}

@Article{	  leandro2012,
  author	= {Leandro, Marcos A. P. and Nascimento, Tiago J. and dos
		  Santos, Daniel R. and Westphall, Carlos B. Carla M.},
  isbn		= {9781612081830},
  journal	= {ICN 2012, The Eleventh International Conference on
		  Networks},
  pages		= {88--93},
  title		= {Multi-tenancy authorization system with federated identity
		  for cloud-based environments using {Shibboleth}},
  url		= {http://www.thinkmind.org/index.php?view=article{\&}articleid=icn{\_}2012{\_}5{\_}10{\_}10065}
		  ,
  year		= {2012}
}

@Misc{		  leastauthority-s4,
  author	= {{Least Authority}},
  title		= {Simple Secure Storage Service ({S4})},
  howpublished	= {\url{http://leastauthority.com}}
}

@Article{	  lee2014,
  author	= {Berners-Lee, Tim},
  journal	= {Wired},
  month		= {March},
  year		= {2014},
  title		= {{Tim Berners-Lee} on the web at 25: the past, present and
		  future},
  url		= {http://www.wired.co.uk/magazine/archive/2014/03/web-at-25/tim-berners-lee}
		  
}

@Article{	  levsion-lavabit,
  author	= {Levison, Ladar},
  journal	= {The Guardian},
  title		= {Secrets, lies and {Snowden's} email: Why {I} was forced to
		  shut down {Lavabit}},
  url		= {http://www.theguardian.com/commentisfree/2014/may/20/why-did-lavabit-shut-down-snowden-email}
		  ,
  month		= {May},
  year		= {2014}
}

@Article{	  lomas2014,
  author	= {Lomas, Natasha},
  title		= {{Facebook} Data Privacy Class Action Joined By 11,000 And
		  Counting},
  year		= {2014},
  month		= {August},
  journal	= {TechCrunch},
  howpublished	= {\url{http://techcrunch.com/2014/08/04/europe-vs-facebook-class-action}}
		  
}

@Misc{		  lorier-pkcs11,
  author	= {Lorier, Perry},
  title		= {{Heartbleed} and Private Key Availability},
  year		= {2014},
  howpublished	= {\url{http://plus.google.com/106751305389299207737/posts/WM4i4Rqxs5n}}
		  
}

@Article{	  mahajan2011,
  author	= {Mahajan, Prince and Setty, Srinath and Lee, Sangmin and
		  Clement, Allen and Alvisi, Lorenzo and Dahlin, Mike and
		  Walfish, Michael},
  doi		= {10.1145/2063509.2063512},
  issn		= {07342071},
  journal	= {ACM Transactions on Computer Systems},
  month		= {December},
  number	= {4},
  pages		= {1--38},
  title		= {{Depot}: Cloud Storage with Minimal Trust},
  url		= {http://dl.acm.org/citation.cfm?id=2063512},
  volume	= {29},
  year		= {2011}
}

@Misc{		  mailpile,
  author	= {Einarsson, Bjarni and McCarth, Smair and Novak, Brennan},
  title		= {{Mailpile}: Let's Take Email Back},
  howpublished	= {\url{https://www.mailpile.is}}
}

@Misc{		  mailvelope,
  author	= {{Mailvelope GmbH}},
  title		= {{Mailvelope}: {OpenPGP} Encryption for Webmail},
  howpublished	= {\url{https://www.mailvelope.com/}}
}

@Article{	  marlinspike-doom,
  author	= {Marlinspike, Moxie},
  journal	= {Thought Crime},
  title		= {{The Cryptographic Doom Principle}},
  url		= {http://www.thoughtcrime.org/blog/the-cryptographic-doom-principle/}
		  ,
  year		= {2011},
  month		= {December}
}

@Article{	  mashable-socialads,
  author	= {Wagner, Kurt},
  title		= {How {Facebook} Is Using Your Photos in Ads},
  journal	= {Mashable},
  year		= {2013},
  month		= {September},
  url		= {http://mashable.com/2013/09/05/facebook-ads-photo/}
}

@Article{	  mcdonald2010,
  author	= {McDonald, Aleecia M. and Cranor, Lorrie Faith},
  journal	= {Proceedings of the 9th annual ACM workshop on Privacy in
		  the electronic society},
  title		= {Americans' attitudes about internet behavioral advertising
		  practices},
  url		= {https://dl.acm.org/citation.cfm?id=1866929},
  year		= {2010},
  pages		= {63-72}
}

@Misc{		  microsoft-officeonline,
  author	= {{Microsoft}},
  title		= {{Office Online}},
  howpublished	= {\url{http://office.live.com}}
}

@Misc{		  microsoft-onedrive,
  author	= {{Microsoft}},
  title		= {{OneDrive}},
  howpublished	= {\url{http://onedrive.live.com}}
}

@Misc{		  microsoft-onedrive-online,
  author	= {{Microsoft}},
  title		= {Online-only files and files available offline},
  year		= {2015},
  howpublished	= {\url{http://windows.microsoft.com/en-us/windows-8/onedrive-online-available-offline}}
		  
}

@Article{	  miller2006,
  author	= {Miller, Matthew},
  journal	= {Forbes},
  title		= {Catch Me If You Can},
  url		= {http://www.forbes.com/forbes/2006/0327/112.html},
  year		= {2006},
  month		= {March}
}

@Misc{		  mozilla-capolicy,
  author	= {{Mozilla}},
  title		= {{Mozilla} {CA} Certificate Policy: Version 2.2},
  howpublished	= {\url{https://www.mozilla.org/en-US/about/governance/policies/security-group/certs/policy/}}
		  
}

@Article{	  mozilla-deprecatehttp,
  author	= {Barnes, Richard},
  journal	= {Mozilla Security Blog},
  title		= {{Deprecating Non-Secure HTTP}},
  url		= {https://blog.mozilla.org/security/2015/04/30/deprecating-non-secure-http/}
		  ,
  year		= {2015},
  month		= {April}
}

@TechReport{	  netfreedom2015,
  author	= {Kelly, Sanja and Earp, Madeline and Reed, Laura and
		  Shahbaz, Adrian and Truong, Mai},
  institution	= {{Freedom House}},
  pages		= {1--40},
  title		= {Freedom on the Net 2015: Privatizing Censorship, Eroding
		  Privacy},
  year		= {2015}
}

@Article{	  neuman1994,
  author	= {Neuman, B. Clifford and Ts'o, Theodore},
  title		= {{Kerberos}: An Authentication Service for Computer
		  Networks},
  journal	= {IEEE Communications Magazine},
  volume	= {32},
  number	= {9},
  year		= {1994},
  pages		= {33--38}
}

@Misc{		  neurio,
  author	= {{Neurio}},
  title		= {{Neurio} Home Intelligence},
  howpublished	= {\url{http://www.neur.io}}
}

@TechReport{	  nguyen2004,
  address	= {Indianapolis},
  author	= {Nguyen, Xuan-Thao},
  booktitle	= {Tulane Law Review},
  title		= {Collateralizing Privacy},
  url		= {http://papers.ssrn.com/sol3/papers.cfm?abstract{\_}id=1493494}
		  ,
  volume	= {78},
  year		= {2004}
}

@Misc{		  ninthcir-bernstein,
  author	= {{U.S. Court of Appeals for the Ninth Circuit}},
  title		= {{Daniel J. Bernstein et al., v. United States Department
		  of State et al.}},
  year		= {1999},
  month		= {May},
  howpublished	= {\url{https://www.epic.org/crypto/export_controls/bernstein_decision_9_cir.html}}
		  ,
  note		= {97-16686}
}

@Article{	  nojeim2015,
  author	= {Nojeim, Greg},
  journal	= {Center for Democracy and Technology Blog},
  title		= {{MLAT} Reform: A Straw Man Proposal},
  url		= {https://cdt.org/insight/mlat-reform-a-straw-man-proposal/}
		  ,
  year		= {2015},
  month		= {September}
}

@Misc{		  onepassword,
  author	= {AgileBits},
  title		= {{1Password}},
  howpublished	= {\url{http://agilebits.com/onepassword}}
}

@Misc{		  openssl,
  author	= {{OpenSSL Dev Team} and Others},
  title		= {{OpenSSL}},
  howpublished	= {\url{http://www.openssl.org}}
}

@Misc{		  openwhisper,
  author	= {{Open Whisper Systems}},
  title		= {{Open Whisper}: Privacy That Fits in Your Pocket},
  howpublished	= {\url{https://whispersystems.org}}
}

@Misc{		  opm-cybersecurityincidents,
  author	= {{U.S. Office of Personnel Management}},
  title		= {Cybersecurity Resource Center: Cybersecurity Incidents},
  howpublished	= {\url{https://www.opm.gov/cybersecurity/cybersecurity-incidents/}}
		  
}

@TechReport{	  otr-advanced-ratchet,
  author	= {Marlinspike, Moxie},
  title		= {Advanced cryptographic ratcheting},
  url		= {https://whispersystems.org/blog/advanced-ratcheting/},
  year		= {2013},
  month		= {November}
}

@TechReport{	  otr-v3,
  author	= {{OTR Development Team}},
  title		= {Off-the-Record Messaging Protocol version 3},
  url		= {https://otr.cypherpunks.ca/Protocol-v3-4.0.0.html}
}

@Misc{		  owncloud,
  author	= {{OwnCloud Team}},
  title		= {OwnCloud Server},
  howpublished	= {\url{http://owncloud.org}}
}

@Article{	  pagliery2014,
  author	= {Pagliery, Jose},
  title		= {{Uber} removes racy blog posts on prostitution, one-night
		  stands},
  year		= {2014},
  month		= {November},
  journal	= {CNN Money},
  howpublished	= {\url{http://money.cnn.com/2014/11/25/technology/uber-prostitutes/}}
		  
}

@Misc{		  pass,
  author	= { Donenfeld, Jason A. and Others},
  title		= {pass: the standard unix password manager},
  howpublished	= {\url{https://www.passwordstore.org/}}
}

@Misc{		  passwordsafe,
  author	= {Schneier, Bruce and Others},
  title		= {Password Safe: Simple \& Secure Password Management},
  howpublished	= {\url{https://pwsafe.org/}}
}

@Misc{		  pcidss,
  author	= {{PCI Security Standard Council}},
  title		= {{PCI SSC} Data Security Standards Overview},
  howpublished	= {\url{http://www.pcisecuritystandards.org/security_standards/index.php}}
		  
}

@Article{	  penney2016,
  author	= {Penney, Jon},
  journal	= {Berkeley Technology Law Journal},
  title		= {Chilling Effects: Online Surveillance and Wikipedia Use},
  url		= {http://ssrn.com/abstract=2769645},
  year		= {2016}
}

@Misc{		  pew-privsec14,
  author	= {{Pew Research Center}},
  title		= {Public Perceptions of Privacy and Security in a
		  Post-{Snowden} Era},
  month		= {November},
  year		= {2014},
  howpublished	= {\url{http://www.pewinternet.org/2014/11/12/public-privacy-perceptions}}
		  
}

@Misc{		  pgp,
  author	= {Symantec},
  title		= {{PGP}},
  howpublished	= {\url{http://www.symantec.com/encryption}}
}

@InProceedings{	  popa2011,
  address	= {New York, New York, USA},
  author	= {Popa, Raluca Ada and Redfield, Catherine M. S. and
		  Zeldovich, Nickolai and Balakrishnan, Hari},
  booktitle	= {Proceedings of the Twenty-Third ACM Symposium on Operating
		  Systems Principles - SOSP '11},
  doi		= {10.1145/2043556.2043566},
  isbn		= {9781450309776},
  pages		= {85},
  publisher	= {ACM Press},
  title		= {{CryptDB}: Protecting Confidentiality with Encrypted Query
		  Processing},
  url		= {http://dl.acm.org/citation.cfm?id=2043566},
  year		= {2011}
}

@Misc{		  porticor,
  author	= {Porticor},
  title		= {{Porticor} Cloud Security},
  howpublished	= {\url{www.porticor.com/technology/}}
}

@TechReport{	  ramsdell-rfc5751,
  author	= {Ramsdell, B. and Turner, S.},
  institution	= {Internet Engineering Task Force},
  pages		= {1--45},
  title		= {{RFC} 5751: Secure/Multipurpose Internet Mail Extensions
		  ({S/MIME}) Version 3.2 Message Specification},
  url		= {http://www.ietf.org/rfc/rfc5751.txt},
  year		= {2010}
}

@TechReport{	  rfc5280,
  author	= {Cooper, D. and Santesson, S. and Farrell, S. and Boeyen,
		  S. and Housley, R. and Polk, W.},
  institution	= {Internet Engineering Task Force},
  pages		= {1--150},
  title		= {{RFC} 5280: {Internet} {X.509} Public Key Infrastructure
		  Certificate and Certificate Revocation List ({CRL})
		  Profile}
}

@Article{	  romanosky2009,
  author	= {Romanosky, Sasha and Acquisti, Alessandro},
  journal	= {Berkeley Technology Law Journal},
  volume	= {24},
  number	= {3},
  title		= {Privacy Costs and Personal Data Protection: Economic and
		  Legal Perspectives},
  year		= {2009},
  month		= {December}
}

@TechReport{	  rosen2012,
  author	= {Rosen, Alon},
  institution	= {Porticor},
  pages		= {1--9},
  title		= {Analysis of the {Porticor} Homomorphic Key Management
		  Protocol},
  year		= {2012}
}

@Misc{		  rsf-china,
  author	= {{Reporters Without Borders}},
  title		= {The {Internet} in {China}},
  howpublished	= {\url{http://surveillance.rsf.org/en/china/}},
  year		= {2012}
}

@Article{	  sabater2005,
  author	= {Sabater, Jordi and Sierra, Carles},
  doi		= {10.1007/s10462-004-0041-5},
  isbn		= {02692821 (ISSN)},
  issn		= {0269-2821},
  journal	= {Artificial Intelligence Review},
  month		= {September},
  number	= {1},
  pages		= {33--60},
  title		= {Review on Computational Trust and Reputation Models},
  url		= {http://link.springer.com/10.1007/s10462-004-0041-5},
  volume	= {24},
  year		= {2005}
}

@MastersThesis{	  sayler-masters,
  author	= {Sayler, Andy},
  title		= {{Custos}: A Flexibly Secure Key-Value Storage Platform},
  school	= {University of Colorado Boulder},
  year		= {2013},
  month		= {December}
}

@PhDThesis{	  sayler-phd,
  author	= {Sayler, Andy},
  title		= {Securing Secrets and Managing Trust in Modern Computing
		  Applications},
  school	= {University of Colorado Boulder},
  year		= {2016},
  month		= {April}
}

@Article{	  schneier-metadata,
  author	= {Schneier, Bruce},
  journal	= {Wired},
  title		= {{NSA} Doesn’t Need to Spy on Your Calls to Learn Your
		  Secrets},
  url		= {http://www.wired.com/2015/03/data-and-goliath-nsa-metadata-spying-your-secrets/}
		  ,
  year		= {2015},
  month		= {March}
}

@Article{	  schneier-passwords,
  author	= {Schneier, Bruce},
  journal	= {Schneier on Security},
  title		= {Password Advice},
  url		= {http://www.schneier.com/blog/archives/2009/08/password_advice.html}
		  ,
  year		= {2009}
}

@Article{	  schneier2016,
  author	= {Schneier, Bruce and Seidel, Kathleen and Vijayakumar,
		  Saranya},
  doi		= {10.2139/ssrn.2731160},
  institution	= {Berkman Center for Internet {\&} Society},
  issn		= {1556-5068},
  journal	= {SSRN Electronic Journal},
  pages		= {1--23},
  title		= {A Worldwide Survey of Encryption Products},
  url		= {http://papers.ssrn.com/sol3/papers.cfm?abstract{\_}id=2731160}
		  ,
  volume	= {2},
  year		= {2016}
}

@Misc{		  scotus-katzvus,
  author	= {{Supreme Court of the United States}},
  title		= {{Katz v. United States}},
  year		= {1967},
  howpublished	= {\url{https://www.law.cornell.edu/supremecourt/text/389/347}}
		  
}

@Misc{		  scotus-nearvminnesota,
  author	= {{Supreme Court of the United States}},
  title		= {{Near v. Minnesota}},
  year		= {1931},
  howpublished	= {\url{https://www.law.cornell.edu/supremecourt/text/283/697}}
		  
}

@Misc{		  scotus-nytvus,
  author	= {{Supreme Court of the United States}},
  title		= {{New York Times v. United States}},
  year		= {1971},
  howpublished	= {\url{https://www.law.cornell.edu/supremecourt/text/403/713}}
		  
}

@Misc{		  scotus-smithvmaryland,
  author	= {{Supreme Court of the United States}},
  title		= {{Smith v. Maryland}},
  year		= {1979},
  month		= {June},
  howpublished	= {\url{https://www.law.cornell.edu/supremecourt/text/442/735}}
		  
}

@Misc{		  scotus-usvjones,
  author	= {{Supreme Court of the United States}},
  title		= {{United States v. Jones}},
  year		= {2012},
  howpublished	= {\url{https://www.law.cornell.edu/supremecourt/text/10-1259}}
		  
}

@Misc{		  scotus-usvmiller-guns,
  author	= {{Supreme Court of the United States}},
  title		= {{United States v. Miller}},
  year		= {1939},
  howpublished	= {\url{https://www.law.cornell.edu/supremecourt/text/307/174}}
		  
}

@Misc{		  scotus-usvmiller-privacy,
  author	= {{Supreme Court of the United States}},
  title		= {{United States v. Mitchell Miller}},
  year		= {1976},
  howpublished	= {\url{https://www.law.cornell.edu/supremecourt/text/425/435/}}
		  
}

@Misc{		  scotus-wooleyvmaynard,
  author	= {{Supreme Court of the United States}},
  title		= {{Wooley v. Maynard}},
  year		= {1977},
  howpublished	= {\url{https://www.law.cornell.edu/supremecourt/text/430/705}}
		  
}

@Article{	  shamir1979,
  author	= {Shamir, Adi},
  doi		= {10.1145/359168.359176},
  issn		= {00010782},
  journal	= {Communications of the ACM},
  month		= {November},
  number	= {11},
  pages		= {612--613},
  title		= {How to share a secret},
  url		= {http://portal.acm.org/citation.cfm?doid=359168.359176},
  volume	= {22},
  year		= {1979}
}

@Misc{		  shibboleth,
  author	= {{Shibboleth Consortium}},
  title		= {Shibboleth Homepage},
  howpublished	= {\url{http://shibboleth.net}}
}

@Misc{		  sims2014,
  author	= {Sims, Peter},
  title		= {Can We Trust {Uber}?},
  year		= {2014},
  month		= {September},
  note		= {Medium},
  howpublished	= {\url{http://medium.com/@petersimsie/can-we-trust-uber-c0e793deda36}}
		  
}

@Article{	  singer2013,
  author	= {Singer, Abe and Anderson, Warren and Farrow, Rik},
  journal	= {;login},
  number	= {4},
  title		= {Rethinking Password Policies (Uncut)},
  url		= {http://www.usenix.org/sites/default/files/rethinking\_password\_policies\_unabridged.pdf}
		  ,
  volume	= {38},
  year		= {2013}
}

@Article{	  singer2015,
  author	= {Singer, Natasha and Merrill, Jeremy B.},
  journal	= {New York Times},
  title		= {When a Company Is Put Up for Sale, in Many Cases, Your
		  Personal Data Is, Too},
  url		= {http://www.nytimes.com/2015/06/29/technology/when-a-company-goes-up-for-sale-in-many-cases-so-does-your-personal-data.html}
		  ,
  year		= {2015},
  month		= {June}
}

@Article{	  sisk2011,
  author	= {Sisk, Gregory C.},
  journal	= {University of St. Thomas Law Journal},
  number	= {3},
  title		= {Official Wrongdoing and the Civil Liability of the Federal
		  Government and Officers},
  volume	= {8},
  year		= {2011}
}

@Misc{		  sixthcir-junger,
  author	= {{U.S. Court of Appeals for the Sixth Circuit}},
  title		= {{Peter D. Junger v. William Daley, U.S. Secretary of
		  Commerce, et al.}},
  year		= {2000},
  month		= {April},
  howpublished	= {\url{http://caselaw.findlaw.com/us-6th-circuit/1074126.html}}
		  ,
  note		= {98-4045}
}

@Misc{		  smith-stats,
  author	= {Craig Smith},
  title		= {How Many People Use 800+ of the Top Social Networks, Apps,
		  and Digital Services},
  year		= {2005},
  month		= {March},
  howpublished	= {\url{http://expandedramblings.com/index.php/resource-how-many-people-use-the-top-social-media}}
		  
}

@Article{	  solove2015,
  author	= {Solove, Daniel},
  journal	= {Teach Privacy: Privacy and Security Blog},
  title		= {Going Bankrupt with Your Personal Data},
  url		= {https://www.teachprivacy.com/going-bankrupt-with-your-personal-data/}
		  ,
  year		= {2015},
  month		= {July}
}

@Misc{		  spideroak,
  author	= {{SpiderOak}},
  title		= {{SpiderOak}: Store, Sync, Share, Privately},
  howpublished	= {\url{http://spideroak.com}}
}

@Article{	  starks2016,
  author	= {Starks, Tim},
  journal	= {Politico},
  title		= {Cyber insurance gets {Hill} attention},
  year		= {2016},
  month		= {March}
}

@Article{	  stigall2013,
  author	= {Stigall, Dan E},
  institution	= {U.S. Department of Justice},
  journal	= {SSRN},
  title		= {Ungoverned Spaces, Transnational Crime, and the
		  Prohibition on Extraterritorial Enforcement Jurisdiction in
		  International Law},
  url		= {http://ssrn.com/abstract=2211219},
  year		= {2013}
}

@InProceedings{	  sweikata2009,
  address	= {New York, New York, USA},
  author	= {Sweikata, Michael and Watson, Gary and Frank, Charles and
		  Christensen, Chris and Hu, Yi},
  booktitle	= {2009 Information Security Curriculum Development
		  Conference},
  doi		= {10.1145/1940976.1940988},
  isbn		= {9781605586618},
  pages		= {55},
  publisher	= {ACM Press},
  title		= {The usability of end user cryptographic products},
  url		= {http://portal.acm.org/citation.cfm?doid=1940976.1940988},
  year		= {2009}
}

@Article{	  swire2011,
  author	= {Swire, Peter and Ahmad, Kenesa},
  journal	= {Center for Democracy and Technology Blog},
  title		= {Goring Dark versus a Golden Age for Surveillance},
  url		= {https://cdt.org/blog/\%E2\%80\%98going-dark\%E2\%80\%99-versus-a-\%E2\%80\%98golden-age-for-surveillance\%E2\%80\%99/}
		  ,
  year		= {2011},
  month		= {November}
}

@Misc{		  swype,
  author	= {{Nuance}},
  title		= {Swype: The keyboard that changed everything},
  howpublished	= {\url{http://www.swype.com/}}
}

@Misc{		  symantec-shellshock,
  author	= {{Symantec Corporation}},
  title		= {{ShellShock}: All you need to know about the {Bash Bug}
		  vulnerability},
  howpublished	= {\url{http://www.symantec.com/connect/blogs/shellshock-all-you-need-know-about-bash-bug-vulnerability}}
		  
}

@Article{	  symanteccorporation2015,
  author	= {{Symantec Corporation}},
  number	= {April},
  pages		= {119},
  title		= {{Internet Security Threat Report 20}},
  url		= {https://www4.symantec.com/mktginfo/whitepaper/ISTR/21347932_GA-internet-security-threat-report-volume-20-2015-social_v2.pdf}
		  ,
  volume	= {20},
  year		= {2015}
}

@TechReport{	  thompson-thirdparty,
  author	= {Thompson, II, Richard M},
  title		= {{The Fourth Amendment Third-Party Doctrine}},
  institution	= {Congressional Research Service},
  number	= {R43586},
  url		= {\url{http://fas.org/sgp/crs/misc/R43586.pdf}},
  year		= {2014}
}

@Article{	  thompson1984,
  author	= {Thompson, Ken},
  journal	= {Communications of the ACM},
  month		= {June},
  number	= {8},
  pages		= {761--763},
  title		= {Reflections on Trusting Trust},
  volume	= {27},
  year		= {1984}
}

@Misc{		  tresorit,
  author	= {{Tresorit}},
  title		= {{Tresorit}: The ultimate was to stay safe in the cloud},
  howpublished	= {\url{http://tresorit.com}}
}

@Article{	  trujillo-ecpa,
  author	= {Trujillo, Mario},
  journal	= {The Hill},
  title		= {House unanimously passes email privacy bill},
  url		= {http://thehill.com/policy/technology/277897-house-unanimously-passes-bill-to-protect-email-privacy}
		  ,
  year		= {2016},
  month		= {April}
}

@Article{	  tsipenyuk2005,
  author	= {Tsipenyuk, K. and Chess, B. and McGraw, G.},
  doi		= {10.1109/MSP.2005.159},
  issn		= {1540-7993},
  journal	= {Security \& Privacy, IEEE},
  month		= {November},
  number	= {6},
  pages		= {81--84},
  title		= {Seven pernicious kingdoms: A taxonomy of software security
		  errors},
  url		= {http://ieeexplore.ieee.org/lpdocs/epic03/wrapper.htm?arnumber=1556543}
		  ,
  volume	= {3},
  year		= {2005}
}

@Misc{		  tsukayama2014,
  author	= {Tsukayama, Hayley},
  title		= {{Facebook} draws fire from privacy advocates over ad
		  changes},
  year		= {2014},
  month		= {June},
  note		= {Washington Post},
  howpublished	= {\url{http://www.washingtonpost.com/blogs/the-switch/wp/2014/06/12/privacy-experts-say-facebook-changes-open-up-unprecedented-data-collection/}}
		  
}

@Misc{		  twitter-transparency,
  author	= {{Twitter, Inc}},
  title		= {Transparency Report / Information Requests},
  howpublished	= {\url{https://transparency.twitter.com/information-requests/}}
		  
}

@Misc{		  uber,
  author	= {{Uber}},
  title		= {{Uber}: Your Ride, On Demand},
  howpublished	= {\url{http://www.uber.com}}
}

@Misc{		  us-constitution-amend1,
  author	= {{United States}},
  title		= {{First Amendment to the U.S. Constitution}},
  year		= {1789},
  month		= {September},
  howpublished	= {\url{http://www.gpo.gov/fdsys/pkg/CDOC-110hdoc50/pdf/CDOC-110hdoc50.pdf}}
		  
}

@Misc{		  us-constitution-amend2,
  author	= {{United States}},
  title		= {{Second Amendment to the U.S. Constitution}},
  year		= {1789},
  month		= {September},
  howpublished	= {\url{http://www.gpo.gov/fdsys/pkg/CDOC-110hdoc50/pdf/CDOC-110hdoc50.pdf}}
		  
}

@Misc{		  us-constitution-amend4,
  author	= {{United States}},
  title		= {{Fourth Amendment to the U.S. Constitution}},
  year		= {1789},
  month		= {September},
  howpublished	= {\url{http://www.gpo.gov/fdsys/pkg/CDOC-110hdoc50/pdf/CDOC-110hdoc50.pdf}}
		  
}

@Misc{		  us-constitution-amend5,
  author	= {{United States}},
  title		= {{Fifth Amendment to the U.S. Constitution}},
  year		= {1789},
  month		= {September},
  howpublished	= {\url{http://www.gpo.gov/fdsys/pkg/CDOC-110hdoc50/pdf/CDOC-110hdoc50.pdf}}
		  
}

@Misc{		  usc-allwrits,
  author	= {{United States}},
  title		= {{28 U.S. Code, Title 28, Part V, Chapter 111 (Section
		  1651) - Writs}},
  howpublished	= {\url{https://www.law.cornell.edu/uscode/text/28/1651}}
}

@Misc{		  usvboucher,
  author	= {{U.S. District Court for the District of Vermont}},
  title		= {{In re Boucher}},
  year		= {2007},
  howpublished	= {\url{http://www.volokh.com/files/Boucher.pdf}}
}

@Misc{		  usvdoe,
  author	= {{U.S. Court of Appeals for the Eleventh Circuit}},
  title		= {{United States v. John Doe}},
  year		= {2012},
  howpublished	= {\url{https://www.eff.org/files/filenode/opiniondoe22312.pdf}}
		  
}

@Misc{		  vault,
  author	= {HashiCorp},
  title		= {{Vault}: A tool for managing secrets},
  howpublished	= {\url{https://www.vaultproject.io/}}
}

@TechReport{	  verizon-2016breach,
  author	= {{Verizon}},
  title		= {2016 Data Breach Investigations Report},
  url		= {\url{http://www.verizonenterprise.com/verizon-insights-lab/dbir/2016/}}
		  ,
  year		= {2016}
}

@Misc{		  w3c,
  author	= {{World Wide Web Consortium (W3C)}},
  title		= {{W3C} Homepage},
  howpublished	= {\url{https://www.w3.org/}}
}

@Article{	  walden2011,
  author	= {Walden, Ian},
  doi		= {10.2139/ssrn.1781067},
  isbn		= {9781447141891},
  issn		= {1556-5068},
  journal	= {SSRN Electronic Journal},
  number	= {185},
  pages		= {1--24},
  title		= {Accessing Data in the Cloud: The Long Arm of the Law
		  Enforcement Agent},
  url		= {http://www.ssrn.com/abstract=1781067},
  volume	= {2004},
  year		= {2011}
}

@Misc{		  whatsapp,
  author	= {{WhatsApp, Inc}},
  title		= {{WhatsApp}: Simple, Personal, Real Time Messaging},
  howpublished	= {\url{https://www.whatsapp.com/}}
}

@Misc{		  whitehouse-clipper,
  author	= {{White House Office of the Press Secretary}},
  title		= {Statement of the Press Secretary},
  howpublished	= {\url{https://www.epic.org/crypto/clipper/white_house_statement_2_94.html}}
		  ,
  year		= {1994},
  month		= {February}
}

@Article{	  whitehouse2013,
  author	= {{President's Review Group on Intelligence and
		  Communications Technologies}},
  title		= {Liberty and Security in a Changing World},
  url		= {http://www.whitehouse.gov/sites/default/files/docs/2013-12-12{\_}rg{\_}final{\_}report.pdf}
		  ,
  year		= {2013},
  month		= {December}
}

@InProceedings{	  whitten1999,
  author	= {Whitten, Alma and Tygar, J. D.},
  booktitle	= {Proceedings of the 8th USENIX Security Symposium},
  pages		= {679--702},
  title		= {Why {Johnny} can't encrypt: A usability evaluation of
		  {PGP} 5.0},
  url		= {http://www.usenix.org/events/sec99/full\_papers/whitten/whitten.ps}
		  ,
  year		= {1999}
}

@Article{	  wilson2014,
  archiveprefix	= {arXiv},
  arxivid	= {1404.2697},
  author	= {Wilson, Duane and Ateniese, Giuseppe},
  eprint	= {1404.2697},
  journal	= {arXiv:1404.2697},
  month		= {November},
  title		= {To Share or Not to Share in Client-Side Encrypted Clouds},
  url		= {http://arxiv.org/abs/1404.2697},
  year		= {2014}
}

@Misc{		  wuala,
  author	= {{LaCie AG}},
  title		= {Wuala: Secure Cloud Storage},
  howpublished	= {\url{http://www.wuala.com}}
}

@Misc{		  yahoo-endtoend,
  author	= {Yahoo},
  title		= {End-to-End},
  howpublished	= {\url{https://github.com/yahoo/end-to-end}}
}

@Misc{		  zimmermann-pgp10,
  author	= {Zimmermann, Philip},
  title		= {{PGP} Marks 10th Anniversary},
  howpublished	= {\url{https://www.philzimmermann.com/text/PGP_10thAnniversary.txt}}
		  ,
  year		= {2001},
  month		= {June}
}

@Book{		  zimmermann-pgpsource,
  author	= {Zimmermann, Philip},
  title		= {{PGP} Source Code and Internals},
  publisher	= {MIT Press},
  isbn		= {0-262-24039-4},
  year		= {1995}
}
